@book{ishikawa1984,
  title     = {Nihon no meichō 21: Motoori Norinaga},
  author    = {Jun Ishikawa},
  publisher = {Chuō Kōronsha},
  year      = {1984}
}

% Please add the references you used here. FYI : https://www.bibtex.com/g/bibtex-format/